@article{botia2007agentes,
	author = {Juan A. Botía},
	title = {Introducción al concepto de agente. Sistemas Multi-Agente y
	         Sistemas Autónomos},
	journal = {Departamento de Ingeniería de la Información y las Comunicaciones
	           , Universidad de Murcia},
	year = {2007},
	month = {October 3},
}
@misc{anonimo2019wumpus,
	title = {Agentes deliberativos},
	howpublished = {\url{
	                https://www.studocu.com/ec/document/escuela-politecnica-nacional/inteligencia-artificial/mundo-wumpus-agentes-deliberativos/5225362
	                }},
	year = {2019},
	institution = {Escuela Politécnica Nacional},
	course = {Inteligencia Artificial (SIC524)},
}
@misc{chudleigh2024agentes,
	author = {Sarah Chudleigh},
	title = {36 ejemplos reales de agentes de IA},
	howpublished = {\url{
	                https://botpress.com/es/blog/real-world-applications-of-ai-agents
	                }},
	year = {2024},
	month = {julio},
}
